%% This BibTeX bibliography file was created using BibDesk.
%% http://bibdesk.sourceforge.net/


%% Created for Lauro Cesar Araujo at 2013-08-21 10:57:09 -0300 


%% Saved with string encoding Unicode (UTF-8) 

@book{engsoftmoderna,
  title     = "Engenharia de Software Moderna: Princípios e Práticas para Desenvolvimento de Software com Produtividade",
  author    = "Marco Tulio Valente",
  year      = 2020,
  publisher = "Editora: Independente"
}
@book{Martin17,
  author = {Martin, Robert C.},
  publisher = {Prentice Hall},
  series = {Robert C. Martin Series},
  timestamp = {2018-04-16T12:17:41.000+0200},
  title = {Clean Architecture: A Craftsman's Guide to Software Structure and Design},
  year = 2017
}
@misc{lemosarqlimpa,
  title     = "Arquitetura Limpa na Prática",
  author    = "Otávio Lemos",
  year      = 2022,
  url       = "https://pay.hotmart.com/O59619511K"
}
@book{MARTIN,
  author = {Martin, Robert C.},
  publisher = {Prentice Hall},
  series = {Robert C. Martin Series},
  title = {Clean Architecture: A Craftsman's Guide to Software Structure and Design},
  year = 2017
}
@book{VALENTE,
  title     = "Engenharia de Software Moderna: Princípios e Práticas para Desenvolvimento de Software com Produtividade",
  author    = "Marco Tulio Valente",
  year      = 2020,
  publisher = "Editora: Independente"
}
@misc{KIEHL,
  author = {Chris Kiehl},
  title = {Software development topics I've changed my mind on after 6 years in the industry},
  howpublished = "\url{https://chriskiehl.com/article/thoughts-after-6-years}",
  year = {2021}, 
  note = "[Online; acessado em 28 de outubro de 2023]"
}
@misc{LEMOS,
  title     = "Arquitetura Limpa na Prática",
  author    = "Otávio Lemos",
  year      = 2022,
  url       = "https://pay.hotmart.com/O59619511K"
}
@misc{FOWLER,
  author = {Martin Fowler},
  title = {Yagni},
  howpublished = "\url{https://martinfowler.com/bliki/Yagni.html}",
  year = {2015}, 
  note = "[Online; acessado em 28 de outubro de 2023]"
}
@book{PRAG,
  author = {Hunt, Andrew and Thomas, David},
  publisher = {Addison-Wesley},
  title = {The Pragmatic programmer : from journeyman to master},
  year = 2000
}
@book{GOF,
  author = {Gamma, Erich and Helm, Richard and Johnson, Ralph and Vlissides, John M.},
  publisher = {Addison-Wesley Professional},
  title = {Design Patterns: Elements of Reusable Object-Oriented Software},
  year = 1994
}
@misc{FOWLER2,
  author = {Martin Fowler},
  title = {Reducing Coupling},
  howpublished = "\url{https://www.martinfowler.com/ieeeSoftware/coupling.pdf}",
  year = {2001}, 
  note = "[Online; acessado em 28 de outubro de 2023]"
}
@misc{FOWLER3,
  author = {Martin Fowler},
  title = {Domain Driven Design},
  howpublished = "\url{https://martinfowler.com/bliki/DomainDrivenDesign.html}",
  year = {2020}, 
  note = "[Online; acessado em 28 de outubro de 2023]"
}
@book{EVANS,
  author = {Evans, Eric},
  publisher = {Addison-Wesley},
  title = {Domain-Driven Design: Tackling Complexity in the Heart of Software},
  year = 2004
}
@book{VERNON,
  author = {Vernon, Vaughn},
  publisher = {Addison-Wesley},
  title = {Implementing Domain-Driven Design},
  year = 2013
}
@misc{MASOTTI,
  author = {Danilo Masotti},
  title = {Domain-Driven Design: guia básico sobre DDD},
  howpublished = "\url{https://www.zup.com.br/blog/domain-driven-design-ddd}",
  year = {2022}, 
  note = "[Online; acessado em 28 de outubro de 2023]"
}
@misc{COCKBURN,
  author = {Alistair Cockburn},
  title = {Hexagonal architecture},
  howpublished = "\url{https://alistair.cockburn.us/hexagonal-architecture/}",
  year = {2005}, 
  note = "[Online; acessado em 28 de outubro de 2023]"
}
@misc{MARTIN2,
  author = {Robert Martin},
  title = {The Clean Architecture},
  howpublished = "\url{https://blog.cleancoder.com/uncle-bob/2012/08/13/the-clean-architecture.html}",
  year = {2012}, 
  note = "[Online; acessado em 28 de outubro de 2023]"
}






